<record><leader>00000cas a2200000 a 4500</leader><controlfield tag="001">40595786</controlfield><controlfield tag="008">990109d183u18uukyuir ne      0    0eng c</controlfield><datafield ind1=" " ind2=" " tag="010"><subfield code="a">sn 98065044 </subfield></datafield><datafield ind1=" " ind2=" " tag="040"><subfield code="a">CVF</subfield><subfield code="b">eng</subfield><subfield code="c">CVF</subfield><subfield code="d">OCL</subfield><subfield code="d">CZL</subfield><subfield code="d">OCLCQ</subfield><subfield code="d">OCLCF</subfield></datafield><datafield ind1="1" ind2=" " tag="029"><subfield code="a">AU@</subfield><subfield code="b">000014503306</subfield></datafield><datafield ind1=" " ind2=" " tag="042"><subfield code="a">pcc</subfield></datafield><datafield ind1=" " ind2=" " tag="043"><subfield code="a">n-us-ky</subfield></datafield><datafield ind1="0" ind2=" " tag="130"><subfield code="a">Public advertiser (Louisville, Ky. : 1836)</subfield></datafield><datafield ind1="1" ind2="0" tag="245"><subfield code="a">Public advertiser.</subfield></datafield><datafield ind1=" " ind2=" " tag="260"><subfield code="a">Louisville [Ky.] :</subfield><subfield code="b">S. Penn, Jr.</subfield></datafield><datafield ind1=" " ind2=" " tag="300"><subfield code="a">v.</subfield></datafield><datafield ind1=" " ind2=" " tag="310"><subfield code="a">Triweekly</subfield></datafield><datafield ind1=" " ind2=" " tag="580"><subfield code="a">Daily ed.: Louisville public advertiser (Louisville, Ky. : 1834),1834-&lt;1842&gt;.</subfield></datafield><datafield ind1=" " ind2=" " tag="580"><subfield code="a">Weekly ed.: Louisville public advertiser (Louisville, Ky. : 1828), 1828-&lt;1843&gt;.</subfield></datafield><datafield ind1=" " ind2=" " tag="588"><subfield code="a">Description based on: Apr. 6/7, 1836; title from column heading.</subfield></datafield><datafield ind1=" " ind2="0" tag="651"><subfield code="a">Jefferson County (Ky.)</subfield><subfield code="v">Newspapers.</subfield></datafield><datafield ind1=" " ind2="0" tag="651"><subfield code="a">Louisville (Ky.)</subfield><subfield code="v">Newspapers.</subfield></datafield><datafield ind1=" " ind2="7" tag="655"><subfield code="a">Newspapers.</subfield><subfield code="2">fast</subfield><subfield code="0">(OCoLC)fst01423814</subfield></datafield><datafield ind1=" " ind2="7" tag="651"><subfield code="a">Kentucky</subfield><subfield code="z">Jefferson County.</subfield><subfield code="2">fast</subfield><subfield code="0">(OCoLC)fst01205464</subfield></datafield><datafield ind1=" " ind2="7" tag="651"><subfield code="a">Kentucky</subfield><subfield code="z">Louisville.</subfield><subfield code="2">fast</subfield><subfield code="0">(OCoLC)fst01204602</subfield></datafield><datafield ind1=" " ind2=" " tag="752"><subfield code="a">United States</subfield><subfield code="b">Kentucky</subfield><subfield code="c">Jefferson</subfield><subfield code="d">Louisville.</subfield></datafield><datafield ind1="1" ind2=" " tag="775"><subfield code="t">Louisville public advertiser (Louisville, Ky. : 1834)</subfield><subfield code="w">(DLC)sn 84020095</subfield></datafield><datafield ind1="1" ind2=" " tag="775"><subfield code="t">Louisville public advertiser (Louisville, Ky. : 1828)</subfield><subfield code="w">(DLC)sn 82014631</subfield></datafield><datafield ind1="0" ind2=" " tag="775"><subfield code="t">Louisville public advertiser (Louisville, Ky. : Semiweekly)</subfield><subfield code="w">(DLC)sn 90099403</subfield></datafield><datafield ind1="0" ind2="0" tag="780"><subfield code="t">Advertiser (Louisville, Ky. : 1832)</subfield><subfield code="w">(DLC)sn 94053102</subfield></datafield></record>